{

@online{angular-doc,
    author = "Google",
    title = "angular documentation",
    url  = "https://angular.io/guide/",
    keywords = "angular"
}

@online{angular-blog,
    author = "Google",
    title = "angular blog",
    url  = "https://blog.angular-university.io",
    keywords = "angular"
}

@online{mobile-page-speed,
    author = "Daniel An",
    title = "Mobile page speed",
    url  = "https://www.thinkwithgoogle.com/marketing-strategies/app-and-mobile/mobile-page-speed-new-industry-benchmarks/",
    keywords = "mobile websites load time"
}
@online{website-loading-time-statistics,
    author = "Cai Ellis Robert Brandl",
    title = "website loading time statistics",
    url  = "https://www.tooltester.com/en/blog/website-loading-time-statistics/",
    keywords = "mobile websites load time"
}
}

